@article{Afzelius2004,
   author={B. A. Afzelius},
   title={Cilia-related diseases},
   journal={J. Pathol.},
   volume={204},
   year=2004,
   number={4},
   pages={470-477}
}

@article{Okada2005,
   author={Y. Okada and S. Takeda and Y. Tanaka and J. and C. I. Belmonte and N. Hirokawa},
   title={Filler},
   journal={Cell},
   volume={121},
   number={4},
   year=2005,
   pages={633-644}
}

@article{Sleigh1969,
   author={M. A. Sleigh},
   title={Filler},
   journal={Int. Rev. Cytol.},
   volume={25},
   year=1969,
   pages={31-54}
}

@book{Sleigh1974,
   editor={M. A. Sleigh},
   year=1974,
   title={Cilia and Flagella},
   publisher={Academic Press}
}

@article{Gheber1989,
   author={L. Gheber and Z. Priel},
   title={Filler},
   journal={Biophys. J.},
   volume={55},
   number={1},
   year=1989,
   pages={183-191}
}

@article{needleman2004synchrotron,
  title={Synchrotron X-ray diffraction study of microtubules buckling and bundling under osmotic stress: a probe of interprotofilament interactions},
  author={Needleman, Daniel J and Ojeda-Lopez, Miguel A and Raviv, Uri and Ewert, Kai and Jones, Jayna B and Miller, Herbert P and Wilson, Leslie and Safinya, Cyrus R},
  journal={Physical review letters},
  volume={93},
  number={19},
  pages={198104},
  year={2004},
  publisher={APS}
}

@article{Gueron1997,
   author={S. Gueron and K. Levit-Gurevich and N. Liron and J. J. Blum},
   title={Filler},
   journal={Prot. Natl. Acad. Sci. USA},
   volume={94},
   number={12},
   year=1997,
   pages={6001-6006}
}

@article{Sanchez2011,
   author={T. Sanchez and D. Welch and D. Nicastro and Z. Dogic},
   title={Filler},
   journal={Science},
   volume={333},
   number={6041},
   year=2011,
   pages={456-459}
}

@article{Monteith2016,
   author={C. E. Monteith and M. E. Brunner and I. Djagaeva and A. M. Bielecki and J. M. Deutsch},
   title={Filler},
   journal={Biophys. J.},
   volume={110},
   number={9},
   year=2016,
   pages={2053-2065}
}

@phdthesis{BrunnerThesis,
  author       = {M. E. Brunner}, 
  title        = {Polymer Dynamics},
  school       = {University of California, Santa Cruz},
  year         = 2011,
  address      = {Santa Cruz, CA},
  month        = 6
}

@article{Brumley2012,
   author={D. R. Brumley and M. Polin and T. J. Pedley and R. E. Goldstein},
   title={Filler},
   journal={Phys. Rev. Lett.},
   volume={109},
   year=2012,
   number={26},
   pages={268102}
}

@article{Brumley2015,
   author={D. R. Brumley and M. Polin and T. J. Pedley and R. E. Goldstein},
   title={Filler},
   journal={J. R. Soc. Interface},
   volume={12},
   year=2015,
   number={108},
   pages={20141358}
}

@article{Morozov2017,
   author={A. Morozov},
   title={Filler},
   journal={Science},
   volume={355},
   year=2017,
   number={6331},
   pages={1262-1263}
}

@article{Wu2017,
   author={K. Wu and J. B. Hishamunda and D. T. N. Chen and S. J. DeCamp and Y. Chang and A. Fernandez-Nieves and Seth Fraden and Zvonimir Dogic},
   title={Filler},
   journal={Science},
   volume={355},
   year=2017,
   number={6331},
   pages={eaal1979}
}

@article{Slomka2017,
   author={J. Slomka and J Dunkel},
   title={Filler},
   journal={Phys. Rev. Fluids},
   volume={2},
   year=2017,
   pages={043102}
}

@book{KimKarilla,
   author={S. Kim and S. J. Karilla},
   year=2005,
   title={Microhydrodynamics: Principles and Selected Applications},
   publisher={Dover Publications}
}

@ARTICLE{Lisicki,
   author = {{Lisicki}, M.},
    title = "{Four approaches to hydrodynamic Green's functions -- the Oseen tensors}",
  journal = {ArXiv e-prints},
archivePrefix = "arXiv",
   eprint = {1312.6231},
 primaryClass = "physics.flu-dyn",
 keywords = {Physics - Fluid Dynamics, Mathematical Physics},
     year = 2013,
    month = dec,
   adsurl = {http://adsabs.harvard.edu/abs/2013arXiv1312.6231L},
  adsnote = {Provided by the SAO/NASA Astrophysics Data System}
}

@book{Zapryanov,
   author={Z. Zapryanov and S. Tabakova},
   year=1999,
   title={Dynamics of Bubbles, Drops, and Rigid Particles},
   publisher={Springer}
}

@article{Blake1971,
    title={A note on the image system for a stokeslet in a no-slip boundary},
    volume={70}, 
    DOI={10.1017/S0305004100049902},
    number={2},
    journal={Mathematical Proceedings of the Cambridge Philosophical Society},
    publisher={Cambridge University Press},
    author={Blake, J. R.},
    year={1971},
    pages={303-310}
}

@article{Liron1976,
  title={Stokes flow for a stokeslet between two parallel flat plates},
  author={Liron, Nadav and Mochon, S},
  journal={Journal of Engineering Mathematics},
  volume={10},
  number={4},
  pages={287--303},
  year={1976},
  publisher={Springer}
}

@article{Blake1974,
  title={Mechanics of ciliary locomotion},
  author={Blake, J. R. and Sleigh, M. A.},
  journal={Biological Reviews},
  volume={49},
  number={1},
  pages={85--125},
  year={1974},
  publisher={Wiley Online Library}
}

@article{Lagomarsino2003,
  title = {Metachronal waves for deterministic switching two-state oscillators with hydrodynamic interaction},
  author = {Lagomarsino, M. Cosentino and Jona, P. and Bassetti, B.},
  journal = {Phys. Rev. E},
  volume = {68},
  issue = {2},
  pages = {021908},
  numpages = {9},
  year = {2003},
  month = {Aug},
  publisher = {American Physical Society},
  doi = {10.1103/PhysRevE.68.021908},
  url = {https://link.aps.org/doi/10.1103/PhysRevE.68.021908}
}

@article{guirao2007spontaneous,
  title={Spontaneous creation of macroscopic flow and metachronal waves in an array of cilia},
  author={Guirao, Boris and Joanny, Jean-Fran{\c{c}}ois},
  journal={Biophysical journal},
  volume={92},
  number={6},
  pages={1900--1917},
  year={2007},
  publisher={Elsevier}
}

@article{Niedermayer2008,
  title={Synchronization, phase locking, and metachronal wave formation in ciliary chains},
  author={Niedermayer, Thomas and Eckhardt, Bruno and Lenz, Peter},
  journal={Chaos: An Interdisciplinary Journal of Nonlinear Science},
  volume={18},
  number={3},
  pages={037128},
  year={2008},
  publisher={AIP}
}

@article{Elgeti2013,
  title={Emergence of metachronal waves in cilia arrays},
  author={Elgeti, Jens and Gompper, Gerhard},
  journal={Proceedings of the National Academy of Sciences},
  volume={110},
  number={12},
  pages={4470--4475},
  year={2013},
  publisher={National Acad Sciences}
}

@incollection{sanchez2013engineering,
  title={Engineering oscillating microtubule bundles},
  author={Sanchez, Timothy and Dogic, Zvonimir},
  booktitle={Methods in enzymology},
  volume={524},
  pages={205--224},
  year={2013},
  publisher={Elsevier}
}

@article{kruse2000actively,
  title={Actively contracting bundles of polar filaments},
  author={Kruse, Karsten and J{\"u}licher, F},
  journal={Physical Review Letters},
  volume={85},
  number={8},
  pages={1778},
  year={2000},
  publisher={APS}
}

@article{liverpool2003instabilities,
  title={Instabilities of isotropic solutions of active polar filaments},
  author={Liverpool, Tanniemola B and Marchetti, M Cristina},
  journal={Physical Review Letters},
  volume={90},
  number={13},
  pages={138102},
  year={2003},
  publisher={APS}
}

@book{Alberts2002,
   year={2002},
   author={Alberts, Bruce and Johnson, Alexander and Lewis, Julian and Raff, Martin and Roberts, Keith, and Walter,Peter},
   booktitle={Molecular Biology of the Cell, 4th edition},
   title={Microtubules},
   publisher={Garland Science, New York}
}

@book{bray2000cell,
  title={Cell movements: from molecules to motility},
  author={Bray, Dennis},
  year={2000},
  publisher={Garland Science}
}

@article{brokaw1975molecular,
  title={Molecular mechanism for oscillation in flagella and muscle},
  author={Brokaw, Charles J},
  journal={Proceedings of the National Academy of Sciences},
  volume={72},
  number={8},
  pages={3102--3106},
  year={1975},
  publisher={National Acad Sciences}
}

@article{camalet1999self,
  title={Self-organized beating and swimming of internally driven filaments},
  author={Camalet, S{\'e}bastien and J{\"u}licher, Frank and Prost, Jacques},
  journal={Physical Review Letters},
  volume={82},
  number={7},
  pages={1590},
  year={1999},
  publisher={APS}
}
@article{lindemann2010flagellar,
  title={Flagellar and ciliary beating: the proven and the possible},
  author={Lindemann, Charles B and Lesich, Kathleen A},
  journal={J Cell Sci},
  volume={123},
  number={4},
  pages={519--528},
  year={2010},
  publisher={The Company of Biologists Ltd}
}

@article{bourdieu1995spiral,
  title={Spiral defects in motility assays: a measure of motor protein force},
  author={Bourdieu, L and Duke, T and Elowitz, MB and Winkelmann, DA and Leibler, S and Libchaber, A},
  journal={Physical Review Letters},
  volume={75},
  number={1},
  pages={176},
  year={1995},
  publisher={APS}
}

@article{deutsch1988theoretical,
  title={Theoretical studies of DNA during gel electrophoresis},
  author={Deutsch, JM},
  journal={Science},
  volume={240},
  number={4854},
  pages={922--924},
  year={1988},
  publisher={American Association for the Advancement of Science}
}

@article{deutsch1989theoretical,
  title={Theoretical studies of DNA during gel electrophoresis},
  author={Deutsch, JM and Madden, TL},
  journal={The Journal of Chemical Physics},
  volume={90},
  number={4},
  pages={2476--2485},
  year={1989},
  publisher={AIP}
}

@article{meyhofer1995force,
  title={The force generated by a single kinesin molecule against an elastic load.},
  author={Meyh{\"o}fer, Edgar and Howard, Jonathon},
  journal={Proceedings of the National Academy of Sciences},
  volume={92},
  number={2},
  pages={574--578},
  year={1995},
  publisher={National Acad Sciences}
}

@article{pazour2005proteomic,
  title={Proteomic analysis of a eukaryotic cilium},
  author={Pazour, Gregory J and Agrin, Nathan and Leszyk, John and Witman, George B},
  journal={J Cell Biol},
  volume={170},
  number={1},
  pages={103--113},
  year={2005},
  publisher={Rockefeller University Press}
}


@article{de2017spontaneous,
  title={Spontaneous oscillations of elastic filaments induced by molecular motors},
  author={De Canio, Gabriele and Lauga, Eric and Goldstein, Raymond E},
  journal={Journal of The Royal Society Interface},
  volume={14},
  number={136},
  pages={20170491},
  year={2017},
  publisher={The Royal Society}
}

@article{deutsch2015photomechanical,
  title={Photomechanical Energy Conversion Using Polymer Brush Dissociation},
  author={Deutsch, Joshua M and Martin, Stephen E},
  journal={Macromolecules},
  volume={48},
  number={18},
  pages={6703--6712},
  year={2015},
  publisher={ACS Publications}
}

@article{IrieKunwatchakun,
  title={Photoresponsive polymers. 8. Reversible photostimulated dilation of polyacrylamide gels having triphenylmethane leuco derivatives},
  author={Irie, Masahiro and Kunwatchakun, Dawan},
  journal={Macromolecules},
  volume={19},
  number={10},
  pages={2476--2480},
  year={1986},
  publisher={ACS Publications}
}

@incollection{Irie,
  title={Photoresponsive polymers},
  author={Irie, Masahiro},
  booktitle={New Polymer Materials},
  pages={27--67},
  year={1990},
  publisher={Springer}
}

@incollection{SuzukiHirasa,
  title={An approach to artificial muscle using polymer gels formed by micro-phase separation},
  author={Suzuki, M and Hirasa, O},
  booktitle={responsive gels: volume transitions II},
  pages={241--261},
  year={1993},
  publisher={Springer}
}

@article{BehlLendlein,
  title={Actively moving polymers},
  author={Behl, Marc and Lendlein, Andreas},
  journal={Soft Matter},
  volume={3},
  number={1},
  pages={58--67},
  year={2007},
  publisher={Royal Society of Chemistry}
}

@article{RoyGupta,
  title={Smart polymeric materials: emerging biochemical applications},
  author={Roy, Ipsita and Gupta, Munishwar Nath},
  journal={Chemistry \& biology},
  volume={10},
  number={12},
  pages={1161--1171},
  year={2003},
  publisher={Elsevier}
}

@article{credi2006,
  title={Artificial molecular motors powered by light},
  author={Credi, Alberto},
  journal={Australian journal of chemistry},
  volume={59},
  number={3},
  pages={157--169},
  year={2006},
  publisher={CSIRO}
}

@article{terWiel2005,
  title={Light-driven molecular motors: stepwise thermal helix inversion during unidirectional rotation of sterically overcrowded biphenanthrylidenes},
  author={ter Wiel, Matthijs KJ and van Delden, Richard A and Meetsma, Auke and Feringa, Ben L},
  journal={Journal of the American Chemical Society},
  volume={127},
  number={41},
  pages={14208--14222},
  year={2005},
  publisher={ACS Publications}
}

@article{Ruangsupapichat,
  title={Reversing the direction in a light-driven rotary molecular motor},
  author={Ruangsupapichat, Nopporn and Pollard, Michael M and Harutyunyan, Syuzanna R and Feringa, Ben L},
  journal={Nature Chemistry},
  volume={3},
  number={1},
  pages={53--60},
  year={2011},
  publisher={Nature Research}
}

@article{Vicario,
  title={Fine tuning of the rotary motion by structural modification in light-driven unidirectional molecular motors},
  author={Vicario, Javier and Walko, Martin and Meetsma, Auke and Feringa, Ben L},
  journal={Journal of the American Chemical Society},
  volume={128},
  number={15},
  pages={5127--5135},
  year={2006},
  publisher={ACS Publications}
}

@article{Ashton1998,
  title={RuII-Polypyridine Complexes Covalently Linked to Electron Acceptors as Wires for Light-Driven Pseudorotaxane-Type Molecular Machines},
  author={Ashton, Peter R and Ballardini, Roberto and Balzani, Vincenzo and Constable, Edwin C and Credi, Alberto and Kocian, Oldrich and Langford, Steven J and Preece, Jon A and Prodi, Luca and Schofield, Emma R and others},
  journal={Chemistry--A European Journal},
  volume={4},
  number={12},
  pages={2413--2422},
  year={1998},
  publisher={Wiley Online Library}
}

@article{Ashton2000,
  title={A photochemically driven molecular-level abacus},
  author={Ashton, Peter R and Ballardini, Roberto and Balzani, Vincenzo and Credi, Alberto and Dress, Klaus Ruprecht and Ishow, El{\'e}na and Kleverlaan, Cornelis J and Kocian, Oldrich and Preece, Jon A and Spencer, Neil and others},
  journal={Chemistry--A European Journal},
  volume={6},
  number={19},
  pages={3558--3574},
  year={2000},
  publisher={Wiley Online Library}
}

@article{Berna,
  title={Macroscopic transport by synthetic molecular machines},
  author={Berna, Jose and Leigh, David A and Lubomska, Monika and Mendoza, Sandra M and P{\'e}rez, Emilio M and Rudolf, Petra and Teobaldi, Gilberto and Zerbetto, Francesco},
  journal={Nature materials},
  volume={4},
  number={9},
  pages={704},
  year={2005},
  publisher={Nature Publishing Group}
}

@article{Liu,
  title={Linear artificial molecular muscles},
  author={Liu, Yi and Flood, Amar H and Bonvallet, Paul A and Vignon, Scott A and Northrop, Brian H and Tseng, Hsian-Rong and Jeppesen, Jan O and Huang, Tony J and Brough, Branden and Baller, Marko and others},
  journal={Journal of the American Chemical Society},
  volume={127},
  number={27},
  pages={9745--9759},
  year={2005},
  publisher={ACS Publications}
}

@article{BustamanteKellerOster,
  title={The physics of molecular motors},
  author={Bustamante, Carlos and Keller, David and Oster, George},
  journal={Accounts of Chemical Research},
  volume={34},
  number={6},
  pages={412--420},
  year={2001},
  publisher={ACS Publications}
}

@article{ProstPRL,
  title={Asymmetric pumping of particles},
  author={Prost, Jacques and Chauwin, Jean-Fran{\c{c}}ois and Peliti, Luca and Ajdari, Armand},
  journal={Physical Review Letters},
  volume={72},
  number={16},
  pages={2652},
  year={1994},
  publisher={APS}
}

@article{SunLiu,
  title={Fast scheme for estimation of instantaneous direct solar irradiance at the Earth’s surface},
  author={Sun, Zhian and Liu, Aixia},
  journal={Solar Energy},
  volume={98},
  pages={125--137},
  year={2013},
  publisher={Elsevier}
}

@article{Gates,
  title={Spectral distribution of solar radiation at the earth's surface},
  author={Gates, David M},
  journal={Science},
  volume={151},
  number={3710},
  pages={523--529},
  year={1966},
  publisher={JSTOR}
}

@book{degennes,
  title={Scaling concepts in polymer physics},
  author={De Gennes, Pierre-Gilles and Gennes, Pierre-Gilles},
  year={1979},
  pages={181},
  publisher={Cornell university press}
}

@article{Klampfatis,
  title={Enhancing the performance of solar cells via luminescent down-shifting of the incident spectrum: A review},
  author={Klampaftis, Efthymios and Ross, David and McIntosh, Keith R and Richards, Bryce S},
  journal={Solar Energy Materials and Solar Cells},
  volume={93},
  number={8},
  pages={1182--1194},
  year={2009},
  publisher={Elsevier}
}

@article{Harder,
  title={Theoretical limits of thermophotovoltaic solar energy conversion},
  author={Harder, Nils-Peter and W{\"u}rfel, Peter},
  journal={Semiconductor Science and Technology},
  volume={18},
  number={5},
  pages={S151},
  year={2003},
  publisher={IOP Publishing}
}

@article{DeutschCerfFriction,
  title={Internal dissipation of a polymer},
  author={Deutsch, JM},
  journal={Physical Review E},
  volume={81},
  number={6},
  pages={061804},
  year={2010},
  publisher={APS}
}

@article{ReimannRev,
  title={Introduction to the physics of Brownian motors},
  author={Reimann, Peter and H{\"a}nggi, Peter},
  journal={Applied Physics A},
  volume={75},
  number={2},
  pages={169--178},
  year={2002},
  publisher={Springer}
}

@article{JulicherRevModPhys,
  title={Modeling molecular motors},
  author={J{\"u}licher, Frank and Ajdari, Armand and Prost, Jacques},
  journal={Reviews of Modern Physics},
  volume={69},
  number={4},
  pages={1269},
  year={1997},
  publisher={APS}
}

@book{ShootingMethod,
  title={Numerical recipes 3rd edition: The art of scientific computing},
  author={Press, William H and Teukolsky, Saul A and Vetterling, William T and Flannery, Brian P},
  year={2007},
  publisher={Cambridge university press}
}

@article{GrzybowskiReview,
  title={Great expectations: can artificial molecular machines deliver on their promise?},
  author={Coskun, Ali and Banaszak, Michal and Astumian, R Dean and Stoddart, J Fraser and Grzybowski, Bartosz A},
  journal={Chemical Society Reviews},
  volume={41},
  number={1},
  pages={19--30},
  year={2012},
  publisher={Royal Society of Chemistry}
}

@article{martin2018emergence,
  title={Emergence of Metachronal Waves in Active Microtubule Arrays},
  author={Martin, Stephen E and Brunner, Matthew E and Deutsch, Joshua M},
  journal={arXiv preprint arXiv:1806.06993},
  year={2018}
}

@article{vale1985identification,
  title={Identification of a novel force-generating protein, kinesin, involved in microtubule-based motility},
  author={Vale, Ronald D and Reese, Thomas S and Sheetz, Michael P},
  journal={Cell},
  volume={42},
  number={1},
  pages={39--50},
  year={1985},
  publisher={Elsevier}
}

@article{vale1996direct,
  title={Direct observation of single kinesin molecules moving along microtubules},
  author={Vale, Ronald D and Funatsu, Takashi and Pierce, Daniel W and Romberg, Laura and Harada, Yoshie and Yanagida, Toshio},
  journal={Nature},
  volume={380},
  number={6573},
  pages={451},
  year={1996},
  publisher={Nature Publishing Group}
}

@book{kim2013microhydrodynamics,
  title={Microhydrodynamics: principles and selected applications},
  author={Kim, Sangtae and Karrila, Seppo J},
  year={2013},
  publisher={Courier Corporation}
}

@article{lisicki2013four,
  title={Four approaches to hydrodynamic Green's functions--the Oseen tensors},
  author={Lisicki, Maciej},
  journal={arXiv preprint arXiv:1312.6231},
  year={2013}
}

@article{chwang1975hydromechanics,
  title={Hydromechanics of low-Reynolds-number flow. Part 2. Singularity method for Stokes flows},
  author={Chwang, Allen T and Wu, T Yao-Tsu},
  journal={Journal of Fluid Mechanics},
  volume={67},
  number={4},
  pages={787--815},
  year={1975},
  publisher={Cambridge University Press}
}

@article{rice1999structural,
  title={A structural change in the kinesin motor protein that drives motility},
  author={Rice, Sarah and Lin, Abel W and Safer, Daniel and Hart, Cynthia L and Naber, Nariman and Carragher, Bridget O and Cain, Shane M and Pechatnikova, Elena and Wilson-Kubalek, Elizabeth M and Whittaker, Michael and others},
  journal={Nature},
  volume={402},
  number={6763},
  pages={778},
  year={1999},
  publisher={Nature Publishing Group}
}

@article{vale2000way,
  title={The way things move: looking under the hood of molecular motor proteins},
  author={Vale, Ronald D and Milligan, Ronald A},
  journal={Science},
  volume={288},
  number={5463},
  pages={88--95},
  year={2000},
  publisher={American Association for the Advancement of Science}
}
